@inproceedings{becker2016synthesizing,
  title={Synthesizing job-level dependencies for automotive multi-rate effect chains},
  author={Becker, Matthias and Dasari, Dakshina and Mubeen, Saad and Behnam, Moris and Nolte, Thomas},
  booktitle={2016 IEEE 22nd International Conference on Embedded and Real-Time Computing Systems and Applications (RTCSA)},
  pages={159--169},
  year={2016},
  organization={IEEE}
}

@article{becker2017end,
  title={End-to-end timing analysis of cause-effect chains in automotive embedded systems},
  author={Becker, Matthias and Dasari, Dakshina and Mubeen, Saad and Behnam, Moris and Nolte, Thomas},
  journal={Journal of Systems Architecture},
  volume={80},
  pages={104--113},
  year={2017},
  publisher={Elsevier}
}

@inproceedings{feiertag2009compositional,
  title={A compositional framework for end-to-end path delay calculation of automotive systems under different path semantics},
  author={Feiertag, Nico and Richter, Kai and Nordlander, Johan and Jonsson, Jan},
  booktitle={IEEE Real-Time Systems Symposium: 30/11/2009-03/12/2009},
  year={2009},
  organization={IEEE Communications Society}
}

@inproceedings{schlatow2016response,
  title={Response-time analysis for task chains in communicating threads},
  author={Schlatow, Johannes and Ernst, Rolf},
  booktitle={2016 IEEE Real-Time and Embedded Technology and Applications Symposium (RTAS)},
  pages={1--10},
  year={2016},
  organization={IEEE}
}

@article{girault2018improving,
  title={Improving and estimating the precision of bounds on the worst-case latency of task chains},
  author={Girault, Alain and Pr{\'e}vot, Christophe and Quinton, Sophie and Henia, Rafik and Sordon, Nicolas},
  journal={IEEE Transactions on Computer-Aided Design of Integrated Circuits and Systems},
  volume={37},
  number={11},
  pages={2578--2589},
  year={2018},
  publisher={IEEE}
}

@inproceedings{bradatsch2016data,
  title={Data age diminution in the logical execution time model},
  author={Bradatsch, Christian and Kluge, Florian and Ungerer, Theo},
  booktitle={International Conference on Architecture of Computing Systems},
  pages={173--184},
  year={2016},
  organization={Springer}
}

@inproceedings{hennig2016towards,
  title={Towards parallelizing legacy embedded control software using the LET programming paradigm},
  author={Hennig, Julien and von Hasseln, Hermann and Mohammad, Hassan and Resmerita, Stefan and Lukesch, Stefan and Naderlinger, Andreas},
  booktitle={2016 IEEE Real-Time and Embedded Technology and Applications Symposium (RTAS)},
  pages={1--1},
  year={2016},
  organization={IEEE}
}

@inproceedings{ernst2018system,
  title={System Level LET: Mastering Cause-Effect Chains in Distributed Systems},
  author={Ernst, Rolf and Ahrendts, Leonie and Gemlau, Kai-Bj{\"o}rn},
  booktitle={IECON 2018-44th Annual Conference of the IEEE Industrial Electronics Society},
  pages={4084--4089},
  year={2018},
  organization={IEEE}
}

@article{henia2005system,
  title={System level performance analysis--the SymTA/S approach},
  author={Henia, Rafik and Hamann, Arne and Jersak, Marek and Racu, Razvan and Richter, Kai and Ernst, Rolf},
  journal={IEE Proceedings-Computers and Digital Techniques},
  volume={152},
  number={2},
  pages={148--166},
  year={2005},
  publisher={IET}
}

@inproceedings{forget2010real,
  title={A real-time architecture design language for multi-rate embedded control systems},
  author={Forget, Julien and Boniol, Fr{\'e}d{\'e}ric and Lesens, David and Pagetti, Claire},
  booktitle={Proceedings of the 2010 ACM Symposium on Applied Computing},
  pages={527--534},
  year={2010},
  organization={ACM}
}

@inproceedings{forget2010scheduling,
  title={Scheduling dependent periodic tasks without synchronization mechanisms},
  author={Forget, Julien and Boniol, Fr{\'e}d{\'e}ric and Grolleau, Emmanuel and Lesens, David and Pagetti, Claire},
  booktitle={Real-Time and Embedded Technology and Applications Symposium (RTAS), 2010 16th IEEE},
  pages={301--310},
  year={2010},
  organization={IEEE}
}

@inproceedings{becker2016mechaniser,
  title={MECHAniSer-A Timing Analysis and Synthesis Tool for Multi-Rate Effect Chains with Job-Level Dependencies},
  author={Becker, Matthias and Dasari, Dakshina and Mubeen, Saad and Behnam, Moris and Nolte, Thomas},
  booktitle={7th International Workshop on Analysis Tools and Methodologies for Embedded and Real-time Systems WATERS'16, 05 Jul 2016, Toulouse, France},
  year={2016}
}

@article{puffitsch2015off,
  title={Off-line mapping of multi-rate dependent task sets to many-core platforms},
  author={Puffitsch, Wolfgang and Noulard, Eric and Pagetti, Claire},
  journal={Real-Time Systems},
  volume={51},
  number={5},
  pages={526--565},
  year={2015},
  publisher={Springer}
}

@article{pagetti2011multi,
  title={Multi-task implementation of multi-periodic synchronous programs},
  author={Pagetti, Claire and Forget, Julien and Boniol, Fr{\'e}d{\'e}ric and Cordovilla, Mikel and Lesens, David},
  journal={Discrete event dynamic systems},
  volume={21},
  number={3},
  pages={307--338},
  year={2011},
  publisher={Springer}
}

@inproceedings{kramer2015real,
  title={Real world automotive benchmarks for free},
  author={Kramer, Simon and Ziegenbein, Dirk and Hamann, Arne},
  booktitle={6th International Workshop on Analysis Tools and Methodologies for Embedded and Real-time Systems (WATERS)},
  year={2015}
}

@article{martinez2018analytical,
  title={Analytical Characterization of End-to-End Communication Delays With Logical Execution Time},
  author={Martinez, Jorge and Sa{\~n}udo, Ignacio and Bertogna, Marko},
  journal={IEEE Transactions on Computer-Aided Design of Integrated Circuits and Systems},
  volume={37},
  number={11},
  pages={2244--2254},
  year={2018},
  publisher={IEEE}
}

@article{durr2019end,
  title={End-to-End Timing Analysis of Sporadic Cause-Effect Chains in Distributed Systems},
  author={D{\"u}rr, Marco and Br{\"u}ggen, Georg Von Der and Chen, Kuan-Hsun and Chen, Jian-Jia},
  journal={ACM Transactions on Embedded Computing Systems (TECS)},
  volume={18},
  number={5s},
  pages={58},
  year={2019},
  publisher={ACM}
}

@book{le2001network,
  title={Network calculus: a theory of deterministic queuing systems for the internet},
  author={Le Boudec, Jean-Yves and Thiran, Patrick},
  volume={2050},
  year={2001},
  publisher={Springer Science \& Business Media}
}

@inproceedings{becker2018timing,
  title={Timing Analysis Driven Design-Space Exploration of Cause-Effect Chains in Automotive Systems},
  author={Becker, Matthias and Mubeen, Saad},
  booktitle={IECON 2018-44th Annual Conference of the IEEE Industrial Electronics Society},
  pages={4090--4095},
  year={2018},
  organization={IEEE}
}

@inproceedings{schlatow2018data,
  title={Data-age analysis and optimisation for cause-effect chains in automotive control systems},
  author={Schlatow, Johannes and Mostl, Mischa and Tobuschat, Sebastian and Ishigooka, Tasuku and Ernst, Rolf},
  booktitle={2018 IEEE 13th International Symposium on Industrial Embedded Systems (SIES)},
  pages={1--9},
  year={2018},
  organization={IEEE}
}





